@incollection{chang2009,
    title = {Reading Tea Leaves: How Humans Interpret Topic Models},
    author = {Chang, Jonathan and Sean Gerrish and Wang, Chong and Jordan L. Boyd-graber and David M. Blei},
    booktitle = {Advances in Neural Information Processing Systems 22},
    editor = {Y. Bengio and D. Schuurmans and J. D. Lafferty and C. K. I. Williams and A. Culotta},
    pages = {288--296},
    year = {2009},
    publisher = {Curran Associates, Inc.},
    url = {http://papers.nips.cc/paper/3700-reading-tea-leaves-how-humans-interpret-topic-models.pdf}
}

@inproceedings{zhai2013,
	title = {Online Latent Dirichlet Allocation with Infinite Vocabulary},
	booktitle = {Proceedings of the 30th International Conference on Machine Learning},
	year = {2013},
	author = {Zhai, Ke and Jordan Boyd-Graber}
}

@article{blei2003,
	Author = {David M. Blei and Andrew Y. Ng and Michael I. Jordan},
	Journal = {Journal of Machine Learning Research},
	Month = {Jan},
	Pages = {993--1022},
	Title = {Latent {D}irichlet Allocation},
	Volume = {3},
	Year = {2003},
}

@inproceedings{hoffman2010,
	Author = {Matthew D. Hoffman and David M. Blei and Francis Bach},
	Booktitle = {Advances in Neural Information Processing Systems 23 (NIPS)},
	Month = {Dec},
	Title = {Online Learning for Latent {D}irichlet Allocation},
	Year = {2010},
}

@article{deerwester1990,
    title={Indexing by Latent Semantic Analysis},
    author={Scott C. Deerwester and Susan T Dumais and Thomas K. Landauer and George W. Furnas and Richard A. Harshman},
    journal={Journal of the American Society For Information Science},
    volume={41},
    number={6},
    pages={391--407},
    year={1990},
}

@inproceedings{hofmann1999,
    author = {Thomas Hofmann},
    title = {Probabilistic Latent Semantic Analysis},
    Booktitle = {Proceedings of the 15th Conference on Uncertainty in Artificial Intelligence (UAI)},
    year = {1999},
    pages = {289--296}
}

@inproceedings{lin2009,
    author = {Lin, Chenghua and He, Yulan},
    title = {Joint Sentiment/Topic Model for Sentiment Analysis},
    booktitle = {Proceedings of the 18th ACM Conference on Information and Knowledge Management},
    series = {CIKM '09},
    year = {2009},
    isbn = {978-1-60558-512-3},
    location = {Hong Kong, China},
    pages = {375--384},
    numpages = {10},
    url = {http://doi.acm.org/10.1145/1645953.1646003},
    doi = {10.1145/1645953.1646003},
    acmid = {1646003},
    publisher = {ACM},
    address = {New York, NY, USA},
    keywords = {joint sentiment/topic model, latent dirichlet allocation, opinion mining, sentiment analysis},
}

@inproceedings{mei2007,
    title={Topic sentiment mixture: modeling facets and opinions in weblogs},
    author={Mei, Qiaozhu and Ling, Xu and Wondra, Matthew and Su, Hang and Zhai, ChengXiang},
    booktitle={Proceedings of the 16th international conference on World Wide Web},
    pages={171--180},
    year={2007},
    organization={ACM}
}

@inproceedings{nallapati2008,
    author = {Nallapati, Ramesh M. and Ahmed, Amr and Xing, Eric P. and Cohen, William W.},
    title = {Joint Latent Topic Models for Text and Citations},
    booktitle = {Proceedings of the 14th ACM SIGKDD International Conference on Knowledge Discovery and Data Mining},
    series = {KDD '08},
    year = {2008},
    isbn = {978-1-60558-193-4},
    location = {Las Vegas, Nevada, USA},
    pages = {542--550},
    numpages = {9},
    url = {http://doi.acm.org/10.1145/1401890.1401957},
    doi = {10.1145/1401890.1401957},
    acmid = {1401957},
    publisher = {ACM},
    address = {New York, NY, USA},
    keywords = {LDA, PLSA, citations, hyperlinks, influence, topic models, variational inference},
}
